@article{biamonte2017quantum,
  title={Quantum machine learning},
  author={Biamonte, Jacob and Wittek, Peter and Pancotti, Nicola and Rebentrost, Patrick and Wiebe, Nathan and Lloyd, Seth},
  journal={Nature},
  volume={549},
  number={7671},
  pages={195--202},
  year={2017},
  publisher={Nature Publishing Group}
}
